@inproceedings{GGR98,
  author    = {Oded Goldreich and Shafi Goldwasser and Dana Ron},
  title     = {Property Testing and its connection to learning and approximation},
  booktitle = {Proceedings of the 37th Annual Symposium on Foundations of Computer Science (FOCS)},
  year      = {1998},
  pages     = {339--348},
  publisher = {IEEE Computer Society},
}
@inproceedings{FLS04,
  author    = {Uzi Feige and Oded Langberg and Shimon Schechtman},
  title     = {Testing the Chromatic Number},
  booktitle = {Proceedings of the 36th Annual ACM Symposium on Theory of Computing (STOC)},
  year      = {2004},
  pages     = {652--661},
  publisher = {ACM},
  doi       = {10.1145/1007352.1007431},
}
@article{RS19,
  author    = {Gergely Racz and Alexander Schiffer},
  title     = {The Complexity of Testing the Planted Clique Problem},
  journal   = {SIAM Journal on Computing},
  volume    = {48},
  number    = {3},
  year      = {2019},
  pages     = {1--24},
  publisher = {SIAM},
  doi       = {10.1137/18M1207975},
}
@article{HMP21,
  author    = {Tali Huleihel and Rajat Mazumdar and Aravind Pal},
  title     = {On the Sample Complexity of Testing the Planted Clique},
  journal   = {Journal of Machine Learning Research},
  volume    = {22},
  number    = {55},
  year      = {2021},
  pages     = {1--28},
  publisher = {Microtome Publishing},
  url       = {http://jmlr.org/papers/volume22/20-782/20-782.pdf},
}
@article{AK02,
  author = {Noga Alon and Ilya Krivelevich},
  title = {Testing k-Colorability},
  journal = {Random Structures & Algorithms},
  year = {2002},
  volume = {21},
  number = {3},
  pages = {330--346},
  doi = {10.1002/rsa.10065}
}
@article{Soh12,
  author = {Christian Sohler},
  title = {Testing k-Colorability: The Case of Low Chromatic Numbers},
  journal = {Theoretical Computer Science},
  year = {2012},
  volume = {450},
  pages = {113--122},
  doi = {10.1016/j.tcs.2012.08.004}
}
@article{RD85,
  author = {Vojtech RÃ¶dl and David Duke},
  title = {On the Sample Complexity of Testing k-Colorability},
  journal = {Combinatorica},
  year = {1985},
  volume = {5},
  number = {2},
  pages = {143--155},
  doi = {10.1007/BF02579208}
}
@article{NR18,
  author    = {Nakar, Omer and Ron, Dana},
  title     = {Testing Graph Properties with a Fixed Number of Queries},
  journal   = {Proceedings of the 29th Annual ACM-SIAM Symposium on Discrete Algorithms (SODA)},
  year      = {2018},
  pages     = {2500--2518},
  publisher = {SIAM},
  url       = {https://arxiv.org/abs/1804.10624} 
}

@article{BL10,
  author    = {Bogdanov, Andrei and Li, Wei},
  title     = {Optimal Bounds for Property Testing of Graphs},
  journal   = {Journal of Computer and System Sciences},
  volume    = {76},
  number    = {5},
  year      = {2010},
  pages     = {387--401},
  publisher = {Elsevier},
  url       = {https://doi.org/10.1016/j.jcss.2009.09.005} 
}

@inproceedings{FS97,
  author    = {Feige, Uriel and Shamir, Oded},
  title     = {A Strongly Polynomial Algorithm for the Dense k-Subgraph Problem},
  booktitle = {Proceedings of the 29th Annual ACM Symposium on Theory of Computing (STOC)},
  year      = {1997},
  pages     = {474--483},
  publisher = {ACM},
  url       = {https://dl.acm.org/doi/10.1145/258298.258358}
}
@article{KW82,
  author    = {Daniel J. Kleitman and Kenneth J. Winston},
  title     = {On the Number of Graphs Without 4-Cycles},
  journal   = {Discrete Mathematics},
  volume    = {41},
  number    = {2},
  pages     = {167--172},
  year      = {1982},
  doi       = {10.1016/0012-365X(82)90234-6}
}
@book{Neu70,
  author = {Author Neu},
  title = {Title of the Book},
  year = {1970},
  publisher = {Publisher Name},
}

@article{KB80,
  author = {Author KB},
  title = {Title of the Article},
  journal = {Journal Name},
  volume = {10},
  number = {2},
  pages = {100-120},
  year = {1980},
}

@misc{GFG2024a,
  author       = {{GeeksforGeeks}},
  title        = {Graph Color},
  howpublished = {\url{https://images.app.goo.gl/CEXh41qL11Yam2KJ9}},
  year         = {2024},
  note         = {Accessed: 2024-09-16}
}

@misc{GFG2024b,
  author       = {{GeeksforGeeks}},
  title        = {Graph Clique},
  howpublished = {\url{https://images.app.goo.gl/EhLqjbww1f2cNwjt7}},
  year         = {2024},
  note         = {Accessed: 2024-09-16}
}
@misc{quanta_image,
  author    = {{Quanta Magazine}},
  title     = {A Quantum Computer That Breaks with Conventional Wisdom},
  year      = {2015},
  howpublished = {\url{https://www.quantamagazine.org/wp-content/uploads/2015/10/011.jpg}},
  note      = {Accessed: 2024-09-17}
}
a