@article{lamport1982byzantine,
  author = {Lamport, Leslie},
  title = {The Byzantine Generals Problem},
  journal = {ACM Transactions on Programming Languages and Systems},
  volume = {4},
  number = {3},
  year = {1982},
  pages = {382--401},
  publisher = {ACM}
}
